@InProceedings{GrafEtAl15MOL,
  author    = {Graf, Thomas  and  Fodor, Brigitta  and  Monette, James  and  Rachiele, Gianpaul  and  Warren, Aunika  and  Zhang, Chong},
  title     = {A Refined Notion of Memory Usage for Minimalist Parsing},
  booktitle = {Proceedings of the 14th Meeting on the Mathematics of Language (MoL 2015)},
  month     = {July},
  year      = {2015},
  address   = {Chicago, USA},
  publisher = {Association for Computational Linguistics},
  pages     = {1--14},
  url       = {http://www.aclweb.org/anthology/W15-2301}
}

@InProceedings{GrafMarcinek14CMCL,
  author	= {Graf, Thomas and Marcinek, Bradley},
  title		= {Evaluating Evaluation Metrics for Minimalist Parsing},
  year		= {2014},
  booktitle	= {Proceedings of the 2014 {ACL} Workshop on Cognitive
		  Modeling and Computational Linguistics},
  pages		= {28--36}
}

@Proceedings{GrafEtAl12Festschrift,
  title		= {Theories of Everything. In Honor of Ed Keenan},
  year		= {2012},
  editor	= {Graf, Thomas and Paperno, Denis and Szabolcsi, Anna and
		  Tellings, Jos},
  volume	= {17},
  series	= {UCLA Working Papers in Linguistics}
}

@InProceedings{GrafAbner12TAG,
  author	= {Graf, Thomas and Natasha Abner},
  title		= {Is Syntactic Binding Rational?},
  year		= {2012},
  booktitle	= {Proceedings of the 11$^\text{th}$ International Workshop
		  on Tree Adjoining Grammars and Related Formalisms (TAG+11)},
  pages		= {189--197}
}

@InCollection{Graf14vWFestschrift,
  author	= {Graf, Thomas},
  title		= {Beyond the Apparent: Cognitive Parallels Between Syntax
		  and Phonology},
  year		= {2014},
  booktitle	= {Festschrift for Sarah van Wagenen},
  note		= {To appear}
}

@InProceedings{Graf14LACL,
  author	= {Graf, Thomas},
  title		= {Late Merge as Lowering Movement in Minimalist Grammars},
  year		= {2014},
  booktitle	= {LACL 2014},
  pages		= {107--121},
  editor	= {Asher, Nicholas and Soloviev, Sergei},
  volume	= {8535},
  series	= {Lecture Notes in Computer Science},
  address	= {Heidelberg},
  publisher	= {Springer}
}

@InProceedings{Graf14FG,
  author	= {Graf, Thomas},
  title		= {Models of Adjunction in Minimalist Grammars},
  year		= {2014},
  booktitle	= {Formal Grammar 2014},
  pages		= {52--68},
  editor	= {Morrill, Glynn and Muskens, Reinhard and Osswald, Rainer
		  and Richter, Frank},
  volume	= {8612},
  series	= {Lecture Notes in Computer Science},
  address	= {Heidelberg},
  publisher	= {Springer}
}

@InProceedings{Graf14Festschrift,
  author	= {Graf, Thomas},
  title		= {Beyond the Apparent: Cognitive Parallels Between Syntax
		  and Phonology},
  year		= {2014},
  booktitle	= {Connectedness: Papers by and for Sarah van Wagenen},
  pages		= {161--174},
  series	= {UCLA Working Papers in Linguistics},
  volume	= {18},
  editor	= {Schütze, Carson T. and Stockall, Linnaea}
}

@InProceedings{Graf14CLS,
  author	= {Graf, Thomas},
  title		= {Feature Geometry and the Person Case Constraint: An
		  Algebraic Link},
  year		= {2014},
  booktitle	= {Proceedings of CLS 50},
  note		= {To appear}
}

@PhDThesis{Graf13Thesis,
  author	= {Graf, Thomas},
  title		= {Local and Transderivational Constraints in Syntax and
		  Semantics},
  year		= {2013},
  school	= {UCLA}
}

@InProceedings{Graf13CLS,
  author	= {Graf, Thomas},
  title		= {The Syntactic Algebra of Adjuncts},
  year		= {2013},
  booktitle	= {Proceedings of CLS 49},
  note		= {To appear}
}

@InProceedings{Graf12TAG,
  author	= {Graf, Thomas},
  title		= {Tree Adjunction as Minimalist Lowering},
  year		= {2012},
  booktitle	= {Proceedings of the 11$^\text{th}$ International Workshop
		  on Tree Adjoining Grammars and Related Formalisms (TAG+11)},
  pages		= {19--27}
}

@InCollection{Graf12PCC,
  author	= {Graf, Thomas},
  title		= {An Algebraic Perspective on the Person Case Constraint},
  year		= {2012},
  editor	= {Graf, Thomas and Paperno, Denis and Szabolcsi, Anna and
		  Tellings, Jos},
  booktitle	= {Theories of Everything. In Honor of Ed Keenan},
  pages		= {85--90},
  volume	= {17},
  series	= {UCLA Working Papers in Linguistics}
}

@InProceedings{Graf12LACL,
  author	= {Graf, Thomas},
  title		= {Movement-Generalized Minimalist Grammars},
  year		= {2012},
  booktitle	= {LACL 2012},
  pages		= {58--73},
  editor	= {Béchet, Denis and Dikovsky, Alexander J.},
  volume	= {7351},
  series	= {Lecture Notes in Computer Science}
}

@InCollection{Graf12Interfaces,
  author	= {Graf, Thomas},
  title		= {Concealed Reference-Set Computation: How Syntax Escapes
		  the Parser's Clutches},
  year		= {2012},
  editor	= {Di Sciullo, Anna Maria},
  booktitle	= {Towards a Biolinguistic Understanding of Grammar. {E}ssays
		  on Interfaces},
  publisher	= {John Benjamins},
  address	= {Amsterdam},
  pages		= {339--362}
}

@InProceedings{Graf11LACL,
  author	= {Graf, Thomas},
  title		= {Closure Properties of Minimalist Derivation Tree
		  Languages},
  year		= {2011},
  booktitle	= {LACL 2011},
  pages		= {96--111},
  editor	= {Pogodalla, Sylvain and Prost, Jean-Philippe},
  volume	= {6736},
  series	= {Lecture Notes in Artificial Intelligence},
  address	= {Heidelberg},
  publisher	= {Springer}
}

@InProceedings{Graf11FG,
  author	= {Graf, Thomas},
  title		= {Locality and the Complexity of Minimalist Derivation Tree
		  Languages},
  year		= {2012},
  booktitle	= {Formal Grammar 2010\slash 2011},
  pages		= {208--227},
  editor	= {de Groot, Philippe and Nederhof, Mark-Jan},
  volume	= {7395},
  series	= {Lecture Notes in Computer Science},
  address	= {Heidelberg},
  publisher	= {Springer}
}

@Proceedings{Graf10WPLissue,
  title		= {Papers in Mathematical Linguistics 1},
  year		= {2010},
  editor	= {Thomas Graf},
  volume	= {15},
  series	= {UCLA Working Papers in Linguistics}
}

@Article{Graf10WPL,
  author	= {Graf, Thomas},
  title		= {A Tree Transducer Model of Reference-Set Computation},
  year		= {2010},
  journal	= {UCLA Working Papers in Linguistics},
  volume	= {15},
  pages		= {1--53},
  eid		= {Article 4}
}

@MastersThesis{Graf10thesis,
  author	= {Graf, Thomas},
  title		= {Logics of Phonological Reasoning},
  year		= {2010},
  school	= {University of California, Los Angeles}
}

@Article{Graf10PLC33,
  author	= {Graf, Thomas},
  title		= {Comparing Incomparable Frameworks: A Model Theoretic
		  Approach to Phonology},
  year		= {2010},
  journal	= {University of Pennsylvania Working Papers in Linguistics},
  volume	= {16},
  pages		= {Article 10},
  number	= {2},
  note		= {Available at:
		  \url{http://repository.upenn.edu/pwpl/vol16/iss1/10}}
}

@InProceedings{Graf10MOL,
  author	= {Graf, Thomas},
  title		= {Some Interdefinability Results for Syntactic Constraint
		  Classes},
  year		= {2010},
  booktitle	= {The Mathematics of Language},
  pages		= {72--87},
  editor	= {Ebert, Christian and Jäger, Gerhard and Michaelis, Jens},
  volume	= {6149},
  series	= {Lecture Notes in Computer Science},
  address	= {Heidelberg},
  publisher	= {Springer}
}

@InCollection{Graf10FOLLI,
  author	= {Graf, Thomas},
  title		= {Formal Parameters of Phonology: From {G}overnment
		  {P}honology to {SPE}},
  year		= {2010},
  editor	= {Icard, Thomas and Muskens, Reinhard},
  booktitle	= {Interfaces: Explorations in Logic, Language and
		  Computation},
  publisher	= {Springer},
  address	= {Berlin},
  pages		= {72--86},
  volume	= {6211},
  series	= {Lectures Notes in Artifical Intelligence}
}

@InProceedings{Graf10FG,
  author	= {Graf, Thomas},
  title		= {Reference-Set Constraints as Linear Tree Transductions via
		  Controlled Optimality Systems},
  year		= {2012},
  booktitle	= {Formal Grammar 2010\slash 2011},
  pages		= {97--113},
  editor	= {de Groote, Philippe and Nederhof, Mark-Jan},
  volume	= {7395},
  series	= {Lecture Notes in Computer Science},
  address	= {Heidelberg},
  publisher	= {Springer}
}

@InProceedings{Graf09ESSLLI,
  author	= {Graf, Thomas},
  title		= {Towards a Factorization of String-Based Phonology},
  year		= {2009},
  booktitle	= {Proceedings of the $14^{\text{th}}$ Student Session of the
		  European Summerschool for Logic, Language and Information},
  pages		= {72--84},
  editor	= {Icard, Thomas}
}

@MastersThesis{Graf07thesis,
  author	= {Graf, Thomas},
  title		= {From Vagueness to Disaster: On the Intricacies of Feature
		  Checking},
  year		= {2007},
  school	= {University of Vienna}
}

@Article{Graf07Snippets,
  author	= {Graf, Thomas},
  title		= {Agreement with Hybrid Nouns in {I}celandic},
  year		= {2007},
  journal	= {Snippets},
  volume	= {16},
  pages		= {7--8},
  note		= {Available at: \url{http://www.ledonline.it/snippets/}}
}
